@book{lindholm2015java,
  title={The Java virtual machine specification: Java SE 8 Edition},
  author={Lindholm, Tim and Yellin, Frank and Bracha, Gilad and Buckley, Alex},
  year={2015},
  publisher={Oracle America}
}

@inproceedings{sarimbekov2013characteristics,
  title={Characteristics of dynamic JVM languages},
  author={Sarimbekov, Aibek and Podzimek, Andrej and Bulej, Lubomir and Zheng, Yudi and Ricci, Nathan and Binder, Walter},
  booktitle={Proceedings of the 7th ACM workshop on Virtual machines and intermediate languages},
  pages={11--20},
  year={2013},
  organization={ACM}
}

@article{buckley1978standard,
  title={A standard for software quality assurance plans},
  author={Buckley, Fletcher},
  journal={Computer},
  volume={12},
  number={8},
  year={1978}
}

@article{kitchenham1996elusive,
author={B. Kitchenham and S. L. Pfleeger},
journal={IEEE Software},
title={Software quality: the elusive target [special issues section]},
year={1996},
volume={13},
number={1},
pages={12-21},
doi={10.1109/52.476281},
ISSN={0740-7459},
month={Jan}
}

@article{denning2016sq,
 author = {Denning, Peter J.},
 title = {Software Quality},
 journal = {Commun. ACM},
 issue_date = {September 2016},
 volume = {59},
 number = {9},
 month = {Aug},
 year = {2016},
 issn = {0001-0782},
 pages = {23--25},
 numpages = {3},
 url = {http://doi.acm.org/10.1145/2971327},
 doi = {10.1145/2971327},
 acmid = {2971327},
 publisher = {ACM},
 address = {New York, NY, USA},
}

@article{woodruff1997customer,
  title={Customer value: the next source for competitive advantage},
  author={Woodruff, Robert B},
  journal={Journal of the academy of marketing science},
  volume={25},
  number={2},
  pages={139},
  year={1997},
  publisher={Springer}
}

@article{mcleod2011factors,
  title={Factors that affect software systems development project outcomes: A survey of research},
  author={McLeod, Laurie and MacDonell, Stephen G},
  journal={ACM Computing Surveys (CSUR)},
  volume={43},
  number={4},
  pages={24},
  year={2011},
  publisher={ACM}
}

@article{cerpa2009did,
  title={Why did your project fail?},
  author={Cerpa, Narciso and Verner, June M},
  journal={Communications of the ACM},
  volume={52},
  number={12},
  pages={130--134},
  year={2009},
  publisher={ACM}
}

@misc{lessons,
  author = {Charette, Robert and Romero, Joshua},
  title = {Lessons From a Decade of IT Failures},
  year = 2015,
  howpublished = "\url{http://spectrum.ieee.org/static/lessons-from-a-decade-of-it-failures}",
  note = "[Online; accessed 15-March-2017]"
}

@misc{wiki:jvm,
   author = "Wikipedia",
   title = "Java virtual machine --- Wikipedia{,} The Free Encyclopedia",
   year = "2017",
   howpublished = "\url{https://en.wikipedia.org/w/index.php?title=Java_virtual_machine&oldid=767900023}",
   note = "[Online; accessed 21-March-2017]"
}

@misc{wiki:spring,
    author = "Wikipedia",
    title = "Spring Framework --- Wikipedia{,} The Free Encyclopedia",
    year = "2017",
    howpublished = "\url{https://en.wikipedia.org/w/index.php?title=Spring_Framework&oldid=770621263}",
    note = "[Online; accessed 22-March-2017]"
}

@misc{junit4,
    author = "JUnit",
    title = "JUnit - about",
    year = "2017",
    howpublished = "\url{http://junit.org/junit4/}",
    note = "[Online; accessed 22-March-2017]"
}

@misc{junit5schedule,
    author = "Github",
    title = "Roadmap · junit-team/junit5 Wiki · GitHub",
    year = "2017",
    howpublished = "\url{https://github.com/junit-team/junit5/wiki/Roadmap}",
    note = "[Online; accessed 22-March-2017]"
}

@misc{spring,
    author = "Pivotal Software",
    title = "Spring Framework",
    year = "2017",
    howpublished = "\url{https://projects.spring.io/spring-framework/}",
    note = "[Online; accessed 22-March-2017]"
}

@misc{springintegration,
    author = "Pivotal Software",
    title = "Spring Integration Testing",
    year = "2017",
    howpublished = "\url{https://docs.spring.io/spring/docs/current/spring-framework-reference/html/integration-testing.html}",
    note = "[Online; accessed 22-March-2017]"
}

@inproceedings{huo2004software,
  title={Software quality and agile methods},
  author={Huo, Ming and Verner, June and Zhu, Liming and Babar, Muhammad Ali},
  booktitle={Computer Software and Applications Conference, 2004. COMPSAC 2004. Proceedings of the 28th Annual International},
  pages={520--525},
  year={2004},
  organization={IEEE}
}

@article{mantyla2014software,
  title={How are software defects found? The role of implicit defect detection, individual responsibility, documents, and knowledge},
  author={M{\"a}ntyl{\"a}, Mika V and Itkonen, Juha},
  journal={Information and Software Technology},
  volume={56},
  number={12},
  pages={1597--1612},
  year={2014},
  publisher={Elsevier}
}

@inproceedings{rigby2013convergent,
  title={Convergent contemporary software peer review practices},
  author={Rigby, Peter C and Bird, Christian},
  booktitle={Proceedings of the 2013 9th Joint Meeting on Foundations of Software Engineering},
  pages={202--212},
  year={2013},
  organization={ACM}
}

@inproceedings{prechelt2016quality,
  title={Quality experience: a grounded theory of successful agile projects without dedicated testers},
  author={Prechelt, Lutz and Schmeisky, Holger and Zieris, Franz},
  booktitle={Proceedings of the 38th International Conference on Software Engineering},
  pages={1017--1027},
  year={2016},
  organization={ACM}
}

@misc{itkonen2016,
  author        = {Itkonen, Juha},
  title         = {Lecture: Building Quality in Modern Software Development},
  month         = {October},
  year          = {2016},
  publisher     = {Aalto University}
}

@article{runeson2006survey,
  title={A survey of unit testing practices},
  author={Runeson, Per},
  journal={IEEE software},
  volume={23},
  number={4},
  pages={22--29},
  year={2006},
  publisher={IEEE}
}

@article{whittaker2000software,
  title={What is software testing? And why is it so hard?},
  author={Whittaker, James A},
  journal={IEEE software},
  volume={17},
  number={1},
  pages={70--79},
  year={2000},
  publisher={IEEE}
}

@inproceedings{rafi2012benefits,
  title={Benefits and limitations of automated software testing: Systematic literature review and practitioner survey},
  author={Rafi, Dudekula Mohammad and Moses, Katam Reddy Kiran and Petersen, Kai and M{\"a}ntyl{\"a}, Mika V},
  booktitle={Proceedings of the 7th International Workshop on Automation of Software Test},
  pages={36--42},
  year={2012},
  organization={IEEE Press}
}

@inproceedings{williams2009effectiveness,
  title={On the Effectiveness of Unit Test Automation at Microsoft.},
  author={Williams, Laurie and Kudrjavets, Gunnar and Nagappan, Nachiappan},
  booktitle={ISSRE},
  pages={81--89},
  year={2009}
}

@inproceedings{berner2005observations,
  title={Observations and lessons learned from automated testing},
  author={Berner, Stefan and Weber, Roland and Keller, Rudolf K},
  booktitle={Software Engineering, 2005. ICSE 2005. Proceedings. 27th International Conference on},
  pages={571--579},
  year={2005},
  organization={IEEE}
}

@article{astels2006new,
  title={A new look at test-driven development},
  author={Astels, Dave},
  journal={http://blog. daveastels. com/files/BDD\_Intro. pdf> Acessado em},
  volume={12},
  pages={2013},
  year={2006}
}

@article{lerner2009forgecontrollers,
  title={At the forge: RSpec for controllers},
  author={Lerner, Reuven M},
  journal={Linux Journal},
  volume={2009},
  number={187},
  year={2009},
  publisher={Belltown Media}
}

@article{lerner2009forge,
  title={At the forge: RSpec},
  author={Lerner, Reuven M},
  journal={Linux Journal},
  volume={2009},
  number={186},
  year={2009},
  publisher={Belltown Media}
}

@article{okolnychyi2016study,
  title={A Study of Tools for Behavior-Driven Development},
  author={Okolnychyi, Anton and F{\"o}gen, Konrad},
  journal={Full-scale Software Engineering/Current Trends in Release Engineering},
  pages={7},
  year={2016}
}

@inproceedings{solis2011study,
  title={A study of the characteristics of behaviour driven development},
  author={Solis, Carlos and Wang, Xiaofeng},
  booktitle={Software Engineering and Advanced Applications (SEAA), 2011 37th EUROMICRO Conference on},
  pages={383--387},
  year={2011},
  organization={IEEE}
}

@inproceedings{hesenius2014towards,
  title={Towards a behavior-oriented specification and testing language for multimodal applications},
  author={Hesenius, Marc and Griebe, Tobias and Gruhn, Volker},
  booktitle={Proceedings of the 2014 ACM SIGCHI symposium on Engineering interactive computing systems},
  pages={117--122},
  year={2014},
  organization={ACM}
}

@inproceedings{hammond2012test,
  title={Test driven development: the state of the practice},
  author={Hammond, Susan and Umphress, David},
  booktitle={Proceedings of the 50th Annual Southeast Regional Conference},
  pages={158--163},
  year={2012},
  organization={ACM}
}

@article{bissi2016effects,
  title={The effects of test driven development on internal quality, external quality and productivity: A systematic review},
  author={Bissi, Wilson and Neto, Adolfo Gustavo Serra Seca and Emer, Maria Claudia Figueiredo Pereira},
  journal={Information and Software Technology},
  volume={74},
  pages={45--54},
  year={2016},
  publisher={Elsevier}
}

@misc{laplante2009behavior,
  title={Towards and empirical evaluation of Behavior-Driven Development},
  author={Chantal, Laplante and Regina, Saskatchewan},
  year={2009}
}

@book{hamill2004unit,
  title={Unit Test Frameworks: Tools for High-Quality Software Development},
  author={Hamill, Paul},
  year={2004},
  publisher={" O'Reilly Media, Inc."}
}

@book{crispin2009agile,
  title={Agile testing: A practical guide for testers and agile teams},
  author={Crispin, Lisa and Gregory, Janet},
  isbn={9780321534460},
  year={2009},
  publisher={Pearson Education}
}

@book{artofunit2013,
  title={The Art of Unit Testing, Second Edition},
  author={Osherove, Roy},
  isbn={9781617290893},
  url={https://www.manning.com/books/the-art-of-unit-testing-second-edition},
  year={2013},
  publisher={Manning Publications Company}
}

@book{smart2014bdd,
  title={BDD in Action: Behavior-Driven Development for the Whole Software Lifecycle},
  author={Smart, J.F.},
  isbn={9781617291654},
  lccn={2014469174},
  url={https://books.google.fi/books?id=2BGxngEACAAJ},
  year={2014},
  publisher={Manning Publications Company}
}

@book{chelimsky2010rspec,
  title={The RSpec Book: Behaviour-driven Development with RSpec, Cucumber, and Friends},
  author={Chelimsky, David and Astels, Dave and Dennis, Zach and Helles{\o}y, Aslak and Helmkamp, Bryan and North, Dan},
  isbn={9781934356371},
  lccn={2011281911},
  series={Pragmatic Bookshelf Series},
  url={https://books.google.fi/books?id=0rxoPgAACAAJ},
  year={2010},
  publisher={Pragmatic Bookshelf}
}

@book{kapelonis2016java,
  title={Java Testing with Spock},
  author={Kapelonis, K.},
  isbn={9781617292538},
  lccn={2015510529},
  url={https://books.google.fi/books?id=2UncsgEACAAJ},
  year={2016},
  publisher={Manning Publications Company}
}

@book{langr2015pragmatic,
  title={Pragmatic Unit Testing in Java 8 with JUnit},
  author={Langr, Jeff and Hunt, Andy and Thomas, Dave},
  year={2015},
  publisher={Pragmatic Bookshelf}
}

@book{farcic2015test,
  title={Test-Driven Java Development},
  author={Farcic, V. and Garcia, A.},
  isbn={9781783987436},
  url={https://books.google.fi/books?id=tRl1CgAAQBAJ},
  year={2015},
  publisher={Packt Publishing}
}

@book{amodeo2015learning,
  title={Learning Behavior-driven Development with JavaScript},
  author={Amodeo, E.},
  isbn={9781784390174},
  series={Community Experience Distilled},
  url={https://books.google.fi/books?id=Fru9BgAAQBAJ},
  year={2015},
  publisher={Packt Publishing}
}
