@article{lerner2009forge,
  title={At the forge: RSpec for controllers},
  author={Lerner, Reuven M},
  journal={Linux Journal},
  volume={2009},
  number={187},
  pages={6},
  year={2009},
  publisher={Belltown Media}
}

@article{astels2006new,
  title={A new look at test-driven development},
  author={Astels, Dave},
  journal={http://blog. daveastels. com/files/BDD\_Intro. pdf> Acessado em},
  volume={12},
  pages={2013},
  year={2006}
}

@article{
    author={Krill,Paul},
    year={2009},
    month={Jun 03},
    title={Behavior-driven development catches on},
    journal={InfoWorld.com},
    note={Copyright - Copyright Infoworld Media Group Jun 03, 2009; Last updated - 2010-06-09},
    keywords={Computers--Computer Industry},
    language={English},
    url={https://search.proquest.com/docview/223190342?accountid=27468}
}

@article{okolnychyi2016study,
  title={A Study of Tools for Behavior-Driven Development},
  author={Okolnychyi, Anton and F{\"o}gen, Konrad},
  journal={Full-scale Software Engineering/Current Trends in Release Engineering},
  pages={7},
  year={2016}
}

@inproceedings{solis2011study,
  title={A study of the characteristics of behaviour driven development},
  author={Solis, Carlos and Wang, Xiaofeng},
  booktitle={Software Engineering and Advanced Applications (SEAA), 2011 37th EUROMICRO Conference on},
  pages={383--387},
  year={2011},
  organization={IEEE}
}

@inproceedings{hesenius2014towards,
  title={Towards a behavior-oriented specification and testing language for multimodal applications},
  author={Hesenius, Marc and Griebe, Tobias and Gruhn, Volker},
  booktitle={Proceedings of the 2014 ACM SIGCHI symposium on Engineering interactive computing systems},
  pages={117--122},
  year={2014},
  organization={ACM}
}

@inproceedings{hammond2012test,
  title={Test driven development: the state of the practice},
  author={Hammond, Susan and Umphress, David},
  booktitle={Proceedings of the 50th Annual Southeast Regional Conference},
  pages={158--163},
  year={2012},
  organization={ACM}
}

@misc{delshad2016behavior,
  title={Behavior Driven Development in a Large-Scale Application: Evaluation of Usage for Developing IFS Applications},
  author={Delshad, Payman},
  year={2016}
}

@book{smart2014bdd,
  title={BDD in Action: Behavior-Driven Development for the Whole Software Lifecycle},
  author={Smart, J.F.},
  isbn={9781617291654},
  lccn={2014469174},
  url={https://books.google.fi/books?id=2BGxngEACAAJ},
  year={2014},
  publisher={Manning Publications Company}
}

@book{chelimsky2010rspec,
  title={The RSpec Book: Behaviour-driven Development with RSpec, Cucumber, and Friends},
  author={Chelimsky, David and Astels, Dave and Dennis, Zach and Helles√∏y, Aslak and Helmkamp, Bryan and North, Dan},
  isbn={9781934356371},
  lccn={2011281911},
  series={Pragmatic Bookshelf Series},
  url={https://books.google.fi/books?id=0rxoPgAACAAJ},
  year={2010},
  publisher={Pragmatic Bookshelf}
}

@book{kapelonis2016java,
  title={Java Testing with Spock},
  author={Kapelonis, K.},
  isbn={9781617292538},
  lccn={2015510529},
  url={https://books.google.fi/books?id=2UncsgEACAAJ},
  year={2016},
  publisher={Manning Publications Company}
}

@book{langr2015pragmatic,
  title={Pragmatic Unit Testing in Java 8 with JUnit},
  author={Langr, Jeff and Hunt, Andy and Thomas, Dave},
  year={2015},
  publisher={Pragmatic Bookshelf}
}

@book{farcic2015test,
  title={Test-Driven Java Development},
  author={Farcic, V. and Garcia, A.},
  isbn={9781783987436},
  url={https://books.google.fi/books?id=tRl1CgAAQBAJ},
  year={2015},
  publisher={Packt Publishing}
}

@book{amodeo2015learning,
  title={Learning Behavior-driven Development with JavaScript},
  author={Amodeo, E.},
  isbn={9781784390174},
  series={Community Experience Distilled},
  url={https://books.google.fi/books?id=Fru9BgAAQBAJ},
  year={2015},
  publisher={Packt Publishing}
}

@book{rose2015cucumber,
   title={The Cucumber for Java Book: Behaviour-Driven Development for Testers and Developers},
   author={Rose, S. and Wynne, M. and Martin, R.C. and Hellesoy, A.},
   isbn={9781941222294},
   series={Pragmatic programmers},
   url={https://books.google.fi/books?id=zQ2voQEACAAJ},
   year={2015},
   publisher={Pragmatic Bookshelf}
 }

 @book{ragonha2015jasmine,
   title={Jasmine JavaScript Testing - Second Edition},
   author={Ragonha, P.},
   isbn={9781785283208},
   series={Community experience distilled},
   url={https://books.google.fi/books?id=n9itCAAAQBAJ},
   year={2015},
   publisher={Packt Publishing}
 }